@techreport{ATL-PHYS-PUB-2015,
      title         = "{Prospect for a search for direct pair production of a
                       chargino and a neutralino decaying via a W boson and the
                       lightest Higgs boson in final states with one lepton, two
                       b-jets and missing transverse momentum at the high
                       luminosity LHC with the ATLAS Detector.}",
author = {The ATLAS Collaboration},
      institution   = "CERN",
      address       = "Geneva",
      number        = "ATL-PHYS-PUB-2015-032",
      month         = "Jul",
      year          = "2015",
      reportNumber  = "ATL-PHYS-PUB-2015-032",
      url           = "https://cds.cern.ch/record/2038565",
}
@article{Barbieri,
title = "Upper bounds on supersymmetric particle masses",
journal = "Nuclear Physics B",
volume = "306",
number = "1",
pages = "63 - 76",
year = "1988",
note = "",
issn = "0550-3213",
doi = "http://dx.doi.org/10.1016/0550-3213(88)90171-X",
url = "http://www.sciencedirect.com/science/article/pii/055032138890171X",
author = "R. Barbieri and G.F. Giudice",
}
@article{Carlos,
title = "One-loop analysis of the electroweak breaking in supersymmetric models and the fine-tuning problem",
journal = "Physics Letters B",
volume = "309",
number = "3",
pages = "320 - 328",
year = "1993",
note = "",
issn = "0370-2693",
doi = "http://dx.doi.org/10.1016/0370-2693(93)90940-J",
url = "http://www.sciencedirect.com/science/article/pii/037026939390940J",
author = "B. de Carlos and J.A. Casas",
}
@article{ATLASCOL-2008,
  author={The ATLAS Collaboration},
  title={The ATLAS Experiment at the CERN Large Hadron Collider},
  journal={Journal of Instrumentation},
  volume={3},
  number={08},
  pages={S08003},
  url={http://stacks.iop.org/1748-0221/3/i=08/a=S08003},
  year={2008},
}
@article{PhysRevD.93.052002,
  title = {Search for the electroweak production of supersymmetric particles in $\sqrt{s}=8\text{ }\text{ }\mathrm{TeV}$ $pp$ collisions with the ATLAS detector},
  author = {ATLAS Collaboration},
  journal = {Phys. Rev. D},
  volume = {93},
  issue = {5},
  pages = {052002},
  numpages = {50},
  year = {2016},
  month = {Mar},
  publisher = {American Physical Society},
  doi = {10.1103/PhysRevD.93.052002},
  url = {http://link.aps.org/doi/10.1103/PhysRevD.93.052002}
}
@article{PhysRevD.89.075007,
  title = {Hunting quasidegenerate Higgsinos},
  author = {Han, Zhenyu and Kribs, Graham D. and Martin, Adam and Menon, Arjun},
  journal = {Phys. Rev. D},
  volume = {89},
  issue = {7},
  pages = {075007},
  numpages = {18},
  year = {2014},
  month = {Apr},
  publisher = {American Physical Society},
  doi = {10.1103/PhysRevD.89.075007},
  url = {http://link.aps.org/doi/10.1103/PhysRevD.89.075007}
}

	